<?xml version="1.0" encoding="UTF-8"?><collection xmlns="http://www.loc.gov/MARC21/slim"><record><leader>00378nam--2200121-i-4500</leader><controlfield tag="001">000026708</controlfield><controlfield tag="002">20161230</controlfield><controlfield tag="005">20161230201036</controlfield><controlfield tag="008">060222s1000------------r-----000-0-eng-d</controlfield><datafield ind1=" " ind2=" " tag="080"><subfield code="a">621.386(094)</subfield></datafield><datafield ind1=" " ind2=" " tag="245"><subfield code="a">Insttructuni pentru verificarea viscozimetrelor capilare si a siscozimetrelor cu bila cazatoare in tub inclinat</subfield></datafield><datafield ind1=" " ind2=" " tag="260"><subfield code="a">Bucuresti, Ed. Tehnica, 1974. 23p</subfield></datafield><datafield ind1=" " ind2=" " tag="852"><subfield code="a">42924</subfield></datafield></record></collection>